%% This BibTeX bibliography file was created using BibDesk.
%% http://bibdesk.sourceforge.net/


%% Created for Jérémie at 2011-09-13 15:24:45 +0200 


%% Saved with string encoding Unicode (UTF-8) 



@article{Lee98,
	Author = {Lee, Hwang and Scully, Marlan},
	Date-Added = {2011-09-13 15:24:41 +0200},
	Date-Modified = {2011-09-13 15:24:41 +0200},
	Issn = {0015-9018},
	Issue = {4},
	Journal = {Found. Phys.},
	Keyword = {Physics and Astronomy},
	Note = {10.1023/A:1018709621908},
	Pages = {585-600},
	Publisher = {Springer Netherlands},
	Title = {The Physics of EIT and LWI in V-Type Configurations},
	Url = {http://dx.doi.org/10.1023/A:1018709621908},
	Volume = {28},
	Year = {1998},
	Bdsk-Url-1 = {http://dx.doi.org/10.1023/A:1018709621908}}

@article{Fil09,
	Author = {Filipp, S. and Maurer, P. and Leek, P. J. and Baur, M. and Bianchetti, R. and Fink, J. M. and G\"oppl, M. and Steffen, L. and Gambetta, J. M. and Blais, A. and Wallraff, A.},
	Date-Added = {2011-09-09 19:17:50 +0200},
	Date-Modified = {2011-09-09 19:18:01 +0200},
	Doi = {10.1103/PhysRevLett.102.200402},
	Issue = {20},
	Journal = {Phys. Rev. Lett.},
	Month = {May},
	Numpages = {4},
	Pages = {200402},
	Publisher = {American Physical Society},
	Title = {Two-Qubit State Tomography Using a Joint Dispersive Readout},
	Url = {http://link.aps.org/doi/10.1103/PhysRevLett.102.200402},
	Volume = {102},
	Year = {2009},
	Bdsk-Url-1 = {http://link.aps.org/doi/10.1103/PhysRevLett.102.200402},
	Bdsk-Url-2 = {http://dx.doi.org/10.1103/PhysRevLett.102.200402}}

@article{Muc10,
	Annote = {10.1038/nature09093},
	Author = {M{\"u}cke, Martin and Figueroa, Eden and Bochmann, Joerg and Hahn, Carolin and Murr, Karim and Ritter, Stephan and Villas-Boas, Celso J. and Rempe, Gerhard},
	Date = {2010},
	Date-Added = {2011-09-08 16:30:40 +0200},
	Date-Modified = {2011-09-08 16:31:07 +0200},
	Day = {10},
	Isbn = {0028-0836},
	Journal = {Nature},
	M3 = {10.1038/nature09093},
	Month = {06},
	Number = {7299},
	Pages = {755--758},
	Publisher = {Macmillan Publishers Limited. All rights reserved},
	Title = {Electromagnetically induced transparency with single atoms in a cavity},
	Ty = {JOUR},
	Url = {http://dx.doi.org/10.1038/nature09093},
	Volume = {465},
	Year = {2010},
	Bdsk-Url-1 = {http://dx.doi.org/10.1038/nature09093}}

@article{Kra27,
	Author = {H.A. Kramers},
	Date-Added = {2011-09-08 16:27:28 +0200},
	Date-Modified = {2011-09-08 16:28:40 +0200},
	Journal = {Atti Cong. Intern. Fisica Como},
	Pages = {545-557},
	Title = {Scattering of light by atoms},
	Volume = {2},
	Year = {1927}}

@article{Kro26,
	Abstract = {After a brief summary of the ideas underlying the quantum theory of dispersion it is shown that it can be applied to the refraction of x-rays, although the assumption that the number of atoms in a wave length cube is large is no longer satisfied. A general formula for the index of refraction in terms of the atomic absorption coefficient a and the critical frequencies is given. From the condition, experimentally verified, that the electrons in the atom for impressed frequencies, large compared to their natural frequencies, shall act like free electrons as far as the index of refraction is concerned, a relation is obtained for a. From the failure of this relation when applied to the groups of electrons separately, conclusions are drawn as to the coupling of the groups. Some considerations on the origin of the Compton shifted radiation are added, from which it appears that in the wave description this radiation must be regarded as coming from all the atoms and as being coherent with the incident waves; a result suited to stress the difficulty of harmonizing the wave picture with that of quantum processes in the atoms.},
	Author = {R. De L. Kronig},
	Date-Added = {2011-09-08 16:25:33 +0200},
	Date-Modified = {2011-09-08 16:25:57 +0200},
	Doi = {10.1364/JOSA.12.000547},
	Journal = {J. Opt. Soc. Am.},
	Month = {Jun},
	Number = {6},
	Pages = {547--556},
	Publisher = {OSA},
	Title = {ON THE THEORY OF DISPERSION OF X-RAYS},
	Url = {http://www.opticsinfobase.org/abstract.cfm?URI=josa-12-6-547},
	Volume = {12},
	Year = {1926},
	Bdsk-Url-1 = {http://www.opticsinfobase.org/abstract.cfm?URI=josa-12-6-547},
	Bdsk-Url-2 = {http://dx.doi.org/10.1364/JOSA.12.000547}}

@book{Yar89,
	Author = {A. Yariv},
	Date-Added = {2011-09-08 16:21:36 +0200},
	Date-Modified = {2011-09-08 16:39:37 +0200},
	Edition = {3rd},
	Publisher = {John Wiley \& Sons, Singapore},
	Title = {Quantum Electronics},
	Year = {1989}}

@book{Gry97,
	Author = {Grynberg Gilbert, Aspect Alain, Fabre Claude},
	Date-Added = {2011-09-08 16:18:04 +0200},
	Date-Modified = {2011-09-08 16:39:06 +0200},
	Publisher = {Ellipses, Cours de l'Ecole Polytechnique},
	Title = {Introduction aux lasers et {\`a} l'optique quantique},
	Year = {1997}}

@article{Fle05,
	Author = {Fleischhauer, Michael and Imamoglu, Atac and Marangos, Jonathan P.},
	Date-Added = {2011-09-08 15:31:39 +0200},
	Date-Modified = {2011-09-08 15:31:59 +0200},
	Doi = {10.1103/RevModPhys.77.633},
	Issue = {2},
	Journal = {Rev. Mod. Phys.},
	Month = {Jul},
	Pages = {633--673},
	Publisher = {American Physical Society},
	Title = {Electromagnetically induced transparency: Optics in coherent media},
	Url = {http://link.aps.org/doi/10.1103/RevModPhys.77.633},
	Volume = {77},
	Year = {2005},
	Bdsk-Url-1 = {http://link.aps.org/doi/10.1103/RevModPhys.77.633},
	Bdsk-Url-2 = {http://dx.doi.org/10.1103/RevModPhys.77.633}}

@article{Har90,
	Author = {Harris, S. E. and Field, J. E. and Imamo\ifmmode \breve{g}\else \u{g}\fi{}lu, A.},
	Date-Added = {2011-09-08 15:04:30 +0200},
	Date-Modified = {2011-09-08 15:04:35 +0200},
	Doi = {10.1103/PhysRevLett.64.1107},
	Issue = {10},
	Journal = {Phys. Rev. Lett.},
	Month = {Mar},
	Pages = {1107--1110},
	Publisher = {American Physical Society},
	Title = {Nonlinear optical processes using electromagnetically induced transparency},
	Url = {http://link.aps.org/doi/10.1103/PhysRevLett.64.1107},
	Volume = {64},
	Year = {1990},
	Bdsk-Url-1 = {http://link.aps.org/doi/10.1103/PhysRevLett.64.1107},
	Bdsk-Url-2 = {http://dx.doi.org/10.1103/PhysRevLett.64.1107}}

@article{Aga97,
	Author = {Agarwal, G. S.},
	Date-Added = {2011-09-08 14:59:25 +0200},
	Date-Modified = {2011-09-08 14:59:32 +0200},
	Doi = {10.1103/PhysRevA.55.2467},
	Issue = {3},
	Journal = {Phys. Rev. A},
	Month = {Mar},
	Pages = {2467--2470},
	Publisher = {American Physical Society},
	Title = {Nature of the quantum interference in electromagnetic-field-induced control of absorption},
	Url = {http://link.aps.org/doi/10.1103/PhysRevA.55.2467},
	Volume = {55},
	Year = {1997},
	Bdsk-Url-1 = {http://link.aps.org/doi/10.1103/PhysRevA.55.2467},
	Bdsk-Url-2 = {http://dx.doi.org/10.1103/PhysRevA.55.2467}}

@article{Ch98,
	Author = {Chen, H. X. and Durrant, A. V. and Marangos, J. P. and Vaccaro, J. A.},
	Date-Added = {2011-09-08 14:50:50 +0200},
	Date-Modified = {2011-09-08 14:50:55 +0200},
	Doi = {10.1103/PhysRevA.58.1545},
	Issue = {2},
	Journal = {Phys. Rev. A},
	Month = {Aug},
	Pages = {1545--1548},
	Publisher = {American Physical Society},
	Title = {Observation of transient electromagnetically induced transparency in a rubidium $\Lambda${} system},
	Url = {http://link.aps.org/doi/10.1103/PhysRevA.58.1545},
	Volume = {58},
	Year = {1998},
	Bdsk-Url-1 = {http://link.aps.org/doi/10.1103/PhysRevA.58.1545},
	Bdsk-Url-2 = {http://dx.doi.org/10.1103/PhysRevA.58.1545}}

@article{Gea95,
	Author = {Gea-Banacloche, Julio and Li, Yong-qing and Jin, Shao-zheng and Xiao, Min},
	Date-Added = {2011-09-08 14:45:17 +0200},
	Date-Modified = {2011-09-08 14:45:28 +0200},
	Doi = {10.1103/PhysRevA.51.576},
	Issue = {1},
	Journal = {Phys. Rev. A},
	Month = {Jan},
	Pages = {576--584},
	Publisher = {American Physical Society},
	Title = {Electromagnetically induced transparency in ladder-type inhomogeneously broadened media: Theory and experiment},
	Url = {http://link.aps.org/doi/10.1103/PhysRevA.51.576},
	Volume = {51},
	Year = {1995},
	Bdsk-Url-1 = {http://link.aps.org/doi/10.1103/PhysRevA.51.576},
	Bdsk-Url-2 = {http://dx.doi.org/10.1103/PhysRevA.51.576}}

@article{Moh07,
	Author = {Mohapatra, A. K. and Jackson, T. R. and Adams, C. S.},
	Date-Added = {2011-09-08 14:40:49 +0200},
	Date-Modified = {2011-09-08 14:40:56 +0200},
	Doi = {10.1103/PhysRevLett.98.113003},
	Issue = {11},
	Journal = {Phys. Rev. Lett.},
	Month = {Mar},
	Numpages = {4},
	Pages = {113003},
	Publisher = {American Physical Society},
	Title = {Coherent Optical Detection of Highly Excited Rydberg States Using Electromagnetically Induced Transparency},
	Url = {http://link.aps.org/doi/10.1103/PhysRevLett.98.113003},
	Volume = {98},
	Year = {2007},
	Bdsk-Url-1 = {http://link.aps.org/doi/10.1103/PhysRevLett.98.113003},
	Bdsk-Url-2 = {http://dx.doi.org/10.1103/PhysRevLett.98.113003}}

@article{Koc90,
	Author = {Kocharovskaya, Olga and Mandel, Paul},
	Date-Added = {2011-09-08 14:35:52 +0200},
	Date-Modified = {2011-09-08 14:36:03 +0200},
	Doi = {10.1103/PhysRevA.42.523},
	Issue = {1},
	Journal = {Phys. Rev. A},
	Month = {Jul},
	Pages = {523--535},
	Publisher = {American Physical Society},
	Title = {Amplification without inversion: The double-$\Lambda${} scheme},
	Url = {http://link.aps.org/doi/10.1103/PhysRevA.42.523},
	Volume = {42},
	Year = {1990},
	Bdsk-Url-1 = {http://link.aps.org/doi/10.1103/PhysRevA.42.523},
	Bdsk-Url-2 = {http://dx.doi.org/10.1103/PhysRevA.42.523}}

@article{Mar99,
	Annote = {10.1038/17475},
	Author = {Marangos, Jon},
	Date = {1999},
	Date-Added = {2011-09-08 14:23:13 +0200},
	Date-Modified = {2011-09-08 14:23:22 +0200},
	Day = {18},
	Isbn = {0028-0836},
	Journal = {Nature},
	M3 = {10.1038/17475},
	Month = {02},
	Number = {6720},
	Pages = {559--560},
	Title = {Slow light in cool atoms},
	Ty = {JOUR},
	Url = {http://dx.doi.org/10.1038/17475},
	Volume = {397},
	Year = {1999},
	Bdsk-Url-1 = {http://dx.doi.org/10.1038/17475}}

@article{Har97,
	Author = {Stephen E. Harris},
	Coden = {PHTOAD},
	Date-Added = {2011-09-08 11:59:28 +0200},
	Date-Modified = {2011-09-08 16:33:58 +0200},
	Doi = {DOI:10.1063/1.881806},
	Issn = {00319228},
	Journal = {Physics Today},
	Number = {7},
	Pages = {36-42},
	Publisher = {AIP},
	Title = {Electromagnetically Induced Transparency},
	Url = {http://dx.doi.org/doi/10.1063/1.881806},
	Volume = {50},
	Year = {1997},
	Bdsk-Url-1 = {http://dx.doi.org/doi/10.1063/1.881806},
	Bdsk-Url-2 = {http://dx.doi.org/10.1063/1.881806}}

@article{May11,
	Author = {Mayle, Michael and Zeller, Wolfgang and Tezak, Nikolas and Schmelcher, Peter},
	Date-Added = {2011-09-06 17:22:24 +0200},
	Date-Modified = {2011-09-06 17:22:30 +0200},
	Doi = {10.1103/PhysRevA.84.010701},
	Issue = {1},
	Journal = {Phys. Rev. A},
	Month = {Jul},
	Numpages = {4},
	Pages = {010701},
	Publisher = {American Physical Society},
	Title = {Rydberg-Rydberg interaction profile from the excitation dynamics of ultracold atoms in lattices},
	Url = {http://link.aps.org/doi/10.1103/PhysRevA.84.010701},
	Volume = {84},
	Year = {2011},
	Bdsk-Url-1 = {http://link.aps.org/doi/10.1103/PhysRevA.84.010701},
	Bdsk-Url-2 = {http://dx.doi.org/10.1103/PhysRevA.84.010701}}

@article{Wus10,
	Author = {W\"uster, S. and Ates, C. and Eisfeld, A. and Rost, J. M.},
	Date-Added = {2011-09-06 17:20:33 +0200},
	Date-Modified = {2011-09-06 17:20:41 +0200},
	Doi = {10.1103/PhysRevLett.105.053004},
	Issue = {5},
	Journal = {Phys. Rev. Lett.},
	Month = {Jul},
	Numpages = {4},
	Pages = {053004},
	Publisher = {American Physical Society},
	Title = {Newton's Cradle and Entanglement Transport in a Flexible Rydberg Chain},
	Url = {http://link.aps.org/doi/10.1103/PhysRevLett.105.053004},
	Volume = {105},
	Year = {2010},
	Bdsk-Url-1 = {http://link.aps.org/doi/10.1103/PhysRevLett.105.053004},
	Bdsk-Url-2 = {http://dx.doi.org/10.1103/PhysRevLett.105.053004}}

@article{Ate07,
	Author = {Ates, C. and Pohl, T. and Pattard, T. and Rost, J. M.},
	Date-Added = {2011-09-06 17:14:36 +0200},
	Date-Modified = {2011-09-06 17:14:49 +0200},
	Doi = {10.1103/PhysRevLett.98.023002},
	Issue = {2},
	Journal = {Phys. Rev. Lett.},
	Month = {Jan},
	Numpages = {4},
	Pages = {023002},
	Publisher = {American Physical Society},
	Title = {Antiblockade in Rydberg Excitation of an Ultracold Lattice Gas},
	Url = {http://link.aps.org/doi/10.1103/PhysRevLett.98.023002},
	Volume = {98},
	Year = {2007},
	Bdsk-Url-1 = {http://link.aps.org/doi/10.1103/PhysRevLett.98.023002},
	Bdsk-Url-2 = {http://dx.doi.org/10.1103/PhysRevLett.98.023002}}

@article{Alb01,
	Abstract = {Quantum entanglements are studied in terms of the invariants under local unitary transformations. A generalized formula of concurrence for N -dimensional quantum systems is presented. This generalized concurrence has potential applications in studying separability and calculating the entanglement of formation for high-dimensional mixed quantum states.},
	Author = {Sergio Albeverio and Shao-Ming Fei},
	Date-Added = {2011-09-05 10:45:38 +0200},
	Date-Modified = {2011-09-05 10:45:49 +0200},
	Journal = {J. Opt. B: Quantum Semiclassical Opt.},
	Number = {4},
	Pages = {223},
	Title = {A note on invariants and entanglements},
	Url = {http://stacks.iop.org/1464-4266/3/i=4/a=305},
	Volume = {3},
	Year = {2001},
	Bdsk-Url-1 = {http://stacks.iop.org/1464-4266/3/i=4/a=305}}

@article{Gao08,
	Affiliation = {Capital Normal University Department of Mathematics Beijing 100037 PR China},
	Author = {Gao, X.-H. and Fei, S.-M.},
	Date-Added = {2011-09-04 22:11:39 +0200},
	Date-Modified = {2011-09-04 22:12:26 +0200},
	Issn = {1951-6355},
	Issue = {1},
	Journal = {Eur. Phys. J. Spec. Top.},
	Keyword = {Physics and Astronomy},
	Note = {10.1140/epjst/e2008-00694-x},
	Pages = {71-77},
	Publisher = {Springer Berlin / Heidelberg},
	Title = {Estimation of concurrence for multipartite mixed states},
	Url = {http://dx.doi.org/10.1140/epjst/e2008-00694-x},
	Volume = {159},
	Year = {2008},
	Bdsk-Url-1 = {http://dx.doi.org/10.1140/epjst/e2008-00694-x}}

@article{Sko01,
	Author = {Skornia, C. and Zanthier, J. von and Agarwal, G. S. and Werner, E. and Walther, H.},
	Date-Added = {2011-09-03 13:06:09 +0200},
	Date-Modified = {2011-09-03 13:06:14 +0200},
	Doi = {10.1103/PhysRevA.64.063801},
	Issue = {6},
	Journal = {Phys. Rev. A},
	Month = {Nov},
	Numpages = {5},
	Pages = {063801},
	Publisher = {American Physical Society},
	Title = {Nonclassical interference effects in the radiation from coherently driven uncorrelated atoms},
	Url = {http://link.aps.org/doi/10.1103/PhysRevA.64.063801},
	Volume = {64},
	Year = {2001},
	Bdsk-Url-1 = {http://link.aps.org/doi/10.1103/PhysRevA.64.063801},
	Bdsk-Url-2 = {http://dx.doi.org/10.1103/PhysRevA.64.063801}}

@article{Jvz06,
	Author = {Zanthier, Joachim von and Bastin, Thierry and Agarwal, Girish S.},
	Date-Added = {2011-09-03 13:05:08 +0200},
	Date-Modified = {2011-09-03 13:05:18 +0200},
	Doi = {10.1103/PhysRevA.74.061802},
	Issue = {6},
	Journal = {Phys. Rev. A},
	Month = {Dec},
	Numpages = {4},
	Pages = {061802},
	Publisher = {American Physical Society},
	Title = {Measurement-induced spatial modulation of spontaneous decay and photon arrival times},
	Url = {http://link.aps.org/doi/10.1103/PhysRevA.74.061802},
	Volume = {74},
	Year = {2006},
	Bdsk-Url-1 = {http://link.aps.org/doi/10.1103/PhysRevA.74.061802},
	Bdsk-Url-2 = {http://dx.doi.org/10.1103/PhysRevA.74.061802}}

@article{Vogt06,
	Author = {Vogt, Thibault and Viteau, Matthieu and Zhao, Jianming and Chotia, Amodsen and Comparat, Daniel and Pillet, Pierre},
	Date-Added = {2011-09-03 13:04:17 +0200},
	Date-Modified = {2011-09-03 13:04:23 +0200},
	Doi = {10.1103/PhysRevLett.97.083003},
	Issue = {8},
	Journal = {Phys. Rev. Lett.},
	Month = {Aug},
	Numpages = {4},
	Pages = {083003},
	Publisher = {American Physical Society},
	Title = {Dipole Blockade at F\"orster Resonances in High Resolution Laser Excitation of Rydberg States of Cesium Atoms},
	Url = {http://link.aps.org/doi/10.1103/PhysRevLett.97.083003},
	Volume = {97},
	Year = {2006},
	Bdsk-Url-1 = {http://link.aps.org/doi/10.1103/PhysRevLett.97.083003},
	Bdsk-Url-2 = {http://dx.doi.org/10.1103/PhysRevLett.97.083003}}

@article{Cubel05,
	Author = {Liebisch, T. Cubel and Reinhard, A. and Berman, P. R. and Raithel, G.},
	Date-Added = {2011-09-03 13:02:23 +0200},
	Date-Modified = {2011-09-03 13:02:53 +0200},
	Doi = {10.1103/PhysRevLett.95.253002},
	Issue = {25},
	Journal = {Phys. Rev. Lett.},
	Month = {Dec},
	Numpages = {4},
	Pages = {253002},
	Publisher = {American Physical Society},
	Title = {Atom Counting Statistics in Ensembles of Interacting Rydberg Atoms},
	Url = {http://link.aps.org/doi/10.1103/PhysRevLett.95.253002},
	Volume = {95},
	Year = {2005},
	Bdsk-Url-1 = {http://link.aps.org/doi/10.1103/PhysRevLett.95.253002},
	Bdsk-Url-2 = {http://dx.doi.org/10.1103/PhysRevLett.95.253002}}

@article{Singer04,
	Author = {Singer, Kilian and Reetz-Lamour, Markus and Amthor, Thomas and Marcassa, Luis Gustavo and Weidem\"uller, Matthias},
	Date-Added = {2011-09-03 13:01:35 +0200},
	Date-Modified = {2011-09-03 13:01:41 +0200},
	Doi = {10.1103/PhysRevLett.93.163001},
	Issue = {16},
	Journal = {Phys. Rev. Lett.},
	Month = {Oct},
	Numpages = {4},
	Pages = {163001},
	Publisher = {American Physical Society},
	Title = {Suppression of Excitation and Spectral Broadening Induced by Interactions in a Cold Gas of Rydberg Atoms},
	Url = {http://link.aps.org/doi/10.1103/PhysRevLett.93.163001},
	Volume = {93},
	Year = {2004},
	Bdsk-Url-1 = {http://link.aps.org/doi/10.1103/PhysRevLett.93.163001},
	Bdsk-Url-2 = {http://dx.doi.org/10.1103/PhysRevLett.93.163001}}

@article{Tong04,
	Author = {Tong, D. and Farooqi, S. M. and Stanojevic, J. and Krishnan, S. and Zhang, Y. P. and C\^ot\'e, R. and Eyler, E. E. and Gould, P. L.},
	Date-Added = {2011-09-03 13:00:58 +0200},
	Date-Modified = {2011-09-03 13:01:05 +0200},
	Doi = {10.1103/PhysRevLett.93.063001},
	Issue = {6},
	Journal = {Phys. Rev. Lett.},
	Month = {Aug},
	Numpages = {4},
	Pages = {063001},
	Publisher = {American Physical Society},
	Title = {Local Blockade of Rydberg Excitation in an Ultracold Gas},
	Url = {http://link.aps.org/doi/10.1103/PhysRevLett.93.063001},
	Volume = {93},
	Year = {2004},
	Bdsk-Url-1 = {http://link.aps.org/doi/10.1103/PhysRevLett.93.063001},
	Bdsk-Url-2 = {http://dx.doi.org/10.1103/PhysRevLett.93.063001}}

@article{Saf02,
	Author = {Saffman, M. and Walker, T. G.},
	Date-Added = {2011-09-03 12:59:50 +0200},
	Date-Modified = {2011-09-03 12:59:58 +0200},
	Doi = {10.1103/PhysRevA.66.065403},
	Issue = {6},
	Journal = {Phys. Rev. A},
	Month = {Dec},
	Numpages = {4},
	Pages = {065403},
	Publisher = {American Physical Society},
	Title = {Creating single-atom and single-photon sources from entangled atomic ensembles},
	Url = {http://link.aps.org/doi/10.1103/PhysRevA.66.065403},
	Volume = {66},
	Year = {2002},
	Bdsk-Url-1 = {http://link.aps.org/doi/10.1103/PhysRevA.66.065403},
	Bdsk-Url-2 = {http://dx.doi.org/10.1103/PhysRevA.66.065403}}

@article{Pro02,
	Author = {Protsenko, I. E. and Reymond, G. and Schlosser, N. and Grangier, P.},
	Date-Added = {2011-09-03 12:57:11 +0200},
	Date-Modified = {2011-09-03 12:57:16 +0200},
	Doi = {10.1103/PhysRevA.65.052301},
	Issue = {5},
	Journal = {Phys. Rev. A},
	Month = {Apr},
	Numpages = {14},
	Pages = {052301},
	Publisher = {American Physical Society},
	Title = {Operation of a quantum phase gate using neutral atoms in microscopic dipole traps},
	Url = {http://link.aps.org/doi/10.1103/PhysRevA.65.052301},
	Volume = {65},
	Year = {2002},
	Bdsk-Url-1 = {http://link.aps.org/doi/10.1103/PhysRevA.65.052301},
	Bdsk-Url-2 = {http://dx.doi.org/10.1103/PhysRevA.65.052301}}

@article{Jak00,
	Author = {Jaksch, D. and Cirac, J. I. and Zoller, P. and Rolston, S. L. and C\^ot\'e, R. and Lukin, M. D.},
	Date-Added = {2011-09-03 12:55:19 +0200},
	Date-Modified = {2011-09-03 12:55:28 +0200},
	Doi = {10.1103/PhysRevLett.85.2208},
	Issue = {10},
	Journal = {Phys. Rev. Lett.},
	Month = {Sep},
	Pages = {2208--2211},
	Publisher = {American Physical Society},
	Title = {Fast Quantum Gates for Neutral Atoms},
	Url = {http://link.aps.org/doi/10.1103/PhysRevLett.85.2208},
	Volume = {85},
	Year = {2000},
	Bdsk-Url-1 = {http://link.aps.org/doi/10.1103/PhysRevLett.85.2208},
	Bdsk-Url-2 = {http://dx.doi.org/10.1103/PhysRevLett.85.2208}}

@article{Kim98,
	Author = {Kim, M. S. and Agarwal, G. S.},
	Date-Added = {2011-09-02 19:22:46 +0200},
	Date-Modified = {2011-09-02 19:22:52 +0200},
	Doi = {10.1103/PhysRevA.57.3059},
	Issue = {4},
	Journal = {Phys. Rev. A},
	Month = {Apr},
	Pages = {3059--3064},
	Publisher = {American Physical Society},
	Title = {Cavity-induced two-photon absorption in unidentical atoms},
	Url = {http://link.aps.org/doi/10.1103/PhysRevA.57.3059},
	Volume = {57},
	Year = {1998},
	Bdsk-Url-1 = {http://link.aps.org/doi/10.1103/PhysRevA.57.3059},
	Bdsk-Url-2 = {http://dx.doi.org/10.1103/PhysRevA.57.3059}}

@article{Akh05,
	Abstract = {For a given pure state of a multipartite system, the concurrence vector is defined by employing the defining representation of generators of the corresponding rotation groups. The norm of a concurrence vector is considered as a measure of entanglement. For the multipartite pure state, the concurrence vector is regarded as the direct sum of concurrence subvectors in the sense that each subvector is associated with a pair of particles. It is proposed to use the norm of each subvector as the contribution of the corresponding pair in entanglement of the system.},
	Author = {S J Akhtarshenas},
	Date-Added = {2011-08-21 22:41:07 +0200},
	Date-Modified = {2011-08-21 22:41:16 +0200},
	Journal = {J. Phys. A},
	Number = {30},
	Pages = {6777},
	Title = {Concurrence vectors in arbitrary multipartite quantum systems},
	Url = {http://stacks.iop.org/0305-4470/38/i=30/a=011},
	Volume = {38},
	Year = {2005},
	Bdsk-Url-1 = {http://stacks.iop.org/0305-4470/38/i=30/a=011}}

@article{Run01,
	Author = {Rungta, Pranaw and Bu\ifmmode \check{z}\else \v{z}\fi{}ek, V. and Caves, Carlton M. and Hillery, M. and Milburn, G. J.},
	Date-Added = {2011-08-21 20:53:49 +0200},
	Date-Modified = {2011-08-21 20:53:55 +0200},
	Doi = {10.1103/PhysRevA.64.042315},
	Journal = {Phys. Rev. A},
	Month = {Sep},
	Number = {4},
	Numpages = {13},
	Pages = {042315},
	Publisher = {American Physical Society},
	Title = {Universal state inversion and concurrence in arbitrary dimensions},
	Volume = {64},
	Year = {2001},
	Bdsk-Url-1 = {http://dx.doi.org/10.1103/PhysRevA.64.042315}}

@article{Uhl00,
	Author = {Uhlmann, Armin},
	Date-Added = {2011-08-21 20:52:11 +0200},
	Date-Modified = {2011-08-21 20:52:17 +0200},
	Doi = {10.1103/PhysRevA.62.032307},
	Journal = {Phys. Rev. A},
	Month = {Aug},
	Number = {3},
	Numpages = {9},
	Pages = {032307},
	Publisher = {American Physical Society},
	Title = {Fidelity and concurrence of conjugated states},
	Volume = {62},
	Year = {2000},
	Bdsk-Url-1 = {http://dx.doi.org/10.1103/PhysRevA.62.032307}}

@article{Wal06,
	Annote = {10.1038/nature04627},
	Author = {Walborn, S. P. and Souto Ribeiro, P. H. and Davidovich, L. and Mintert, F. and Buchleitner, A.},
	Date = {2006},
	Date-Added = {2011-08-20 14:23:41 +0200},
	Date-Modified = {2011-08-20 14:23:54 +0200},
	Day = {20},
	Isbn = {0028-0836},
	Journal = {Nature},
	M3 = {10.1038/nature04627},
	Month = {04},
	Number = {7087},
	Pages = {1022--1024},
	Title = {Experimental determination of entanglement with a single measurement},
	Ty = {JOUR},
	Url = {http://dx.doi.org/10.1038/nature04627},
	Volume = {440},
	Year = {2006},
	Bdsk-Url-1 = {http://dx.doi.org/10.1038/nature04627}}

@article{Ben99,
	Author = {Bennett, Charles H. and DiVincenzo, David P. and Mor, Tal and Shor, Peter W. and Smolin, John A. and Terhal, Barbara M.},
	Date-Added = {2011-08-19 18:21:36 +0200},
	Date-Modified = {2011-08-19 18:21:46 +0200},
	Doi = {10.1103/PhysRevLett.82.5385},
	Journal = {Phys. Rev. Lett.},
	Month = {Jun},
	Number = {26},
	Numpages = {3},
	Pages = {5385--5388},
	Publisher = {American Physical Society},
	Title = {Unextendible Product Bases and Bound Entanglement},
	Volume = {82},
	Year = {1999},
	Bdsk-Url-1 = {http://dx.doi.org/10.1103/PhysRevLett.82.5385}}

@article{Lat00,
	Acmid = {354405},
	Address = {Philadelphia, PA, USA},
	Author = {Lathauwer, Lieven De and Moor, Bart De and Vandewalle, Joos},
	Date-Added = {2011-08-19 16:44:52 +0200},
	Date-Modified = {2011-08-19 16:44:58 +0200},
	Doi = {10.1137/S0895479898346995},
	Issn = {0895-4798},
	Issue = {4},
	Journal = {SIAM J. Matrix Anal. Appl.},
	Keywords = {higher-order tensor, multilinear algebra, rank reduction, singular value decomposition},
	Month = {March},
	Numpages = {19},
	Pages = {1324--1342},
	Publisher = {Society for Industrial and Applied Mathematics},
	Title = {On the Best Rank-1 and Rank-(R1,R2,. . .,RN) Approximation of Higher-Order Tensors},
	Url = {http://dl.acm.org/citation.cfm?id=354353.354405},
	Volume = {21},
	Year = {2000},
	Bdsk-Url-1 = {http://dl.acm.org/citation.cfm?id=354353.354405},
	Bdsk-Url-2 = {http://dx.doi.org/10.1137/S0895479898346995}}

@article{Old34,
	Author = {Oldenburger, Rufus},
	Copyright = {Copyright {\copyright} 1934 Annals of Mathematics},
	Date-Added = {2011-08-19 15:58:45 +0200},
	Date-Modified = {2011-08-19 15:58:56 +0200},
	Issn = {0003486X},
	Journal = {The Annals of Mathematics},
	Jstor_Articletype = {research-article},
	Jstor_Formatteddate = {Jul., 1934},
	Language = {English},
	Number = {3},
	Pages = {pp. 622-653},
	Publisher = {Annals of Mathematics},
	Series = {Second Series},
	Title = {Composition and Rank of n-Way Matrices and Multilinear Forms},
	Url = {http://www.jstor.org/stable/1968754},
	Volume = {35},
	Year = {1934},
	Bdsk-Url-1 = {http://www.jstor.org/stable/1968754}}

@article{Kol09,
	Author = {Tamara G. Kolda and Brett W. Bader},
	Date-Added = {2011-08-19 15:53:43 +0200},
	Date-Modified = {2011-08-19 15:53:53 +0200},
	Doi = {10.1137/07070111X},
	Journal = {SIAM Rev.},
	Month = {September},
	Number = {3},
	Pages = {455--500},
	Title = {Tensor Decompositions and Applications},
	Volume = {51},
	Year = {2009},
	Bdsk-Url-1 = {http://dx.doi.org/10.1137/07070111X}}

@article{Ost08,
	Author = {Osterloh, Andreas and Siewert, Jens and Uhlmann, Armin},
	Date-Added = {2011-08-19 15:13:56 +0200},
	Date-Modified = {2011-08-19 15:14:05 +0200},
	Doi = {10.1103/PhysRevA.77.032310},
	Journal = {Phys. Rev. A},
	Month = {Mar},
	Number = {3},
	Numpages = {7},
	Pages = {032310},
	Publisher = {American Physical Society},
	Title = {Tangles of superpositions and the convex-roof extension},
	Volume = {77},
	Year = {2008},
	Bdsk-Url-1 = {http://dx.doi.org/10.1103/PhysRevA.77.032310}}

@article{Loh06,
	Author = {Lohmayer, Robert and Osterloh, Andreas and Siewert, Jens and Uhlmann, Armin},
	Date-Added = {2011-08-19 15:12:53 +0200},
	Date-Modified = {2011-08-19 15:13:03 +0200},
	Doi = {10.1103/PhysRevLett.97.260502},
	Journal = {Phys. Rev. Lett.},
	Month = {Dec},
	Number = {26},
	Numpages = {4},
	Pages = {260502},
	Publisher = {American Physical Society},
	Title = {Entangled Three-Qubit States without Concurrence and Three-Tangle},
	Volume = {97},
	Year = {2006},
	Bdsk-Url-1 = {http://dx.doi.org/10.1103/PhysRevLett.97.260502}}

@article{Aci01,
	Author = {Ac\'\i{}n, A. and Bru\ss{}, D. and Lewenstein, M. and Sanpera, A.},
	Date-Added = {2011-08-19 15:11:54 +0200},
	Date-Modified = {2011-08-19 15:12:00 +0200},
	Doi = {10.1103/PhysRevLett.87.040401},
	Journal = {Phys. Rev. Lett.},
	Month = {Jul},
	Number = {4},
	Numpages = {4},
	Pages = {040401},
	Publisher = {American Physical Society},
	Title = {Classification of Mixed Three-Qubit States},
	Volume = {87},
	Year = {2001},
	Bdsk-Url-1 = {http://dx.doi.org/10.1103/PhysRevLett.87.040401}}

@article{Dev07,
	Author = {Devi, A. R. Usha and Prabhu, R. and Rajagopal, A. K.},
	Date-Added = {2011-08-19 15:10:22 +0200},
	Date-Modified = {2011-08-19 15:10:28 +0200},
	Doi = {10.1103/PhysRevLett.98.060501},
	Journal = {Phys. Rev. Lett.},
	Month = {Feb},
	Number = {6},
	Numpages = {4},
	Pages = {060501},
	Publisher = {American Physical Society},
	Title = {Characterizing Multiparticle Entanglement in Symmetric $N$-Qubit States via Negativity of Covariance Matrices},
	Volume = {98},
	Year = {2007},
	Bdsk-Url-1 = {http://dx.doi.org/10.1103/PhysRevLett.98.060501}}

@article{Dur99,
	Author = {D\"ur, W. and Cirac, J. I. and Tarrach, R.},
	Date-Added = {2011-08-19 15:08:42 +0200},
	Date-Modified = {2011-08-19 15:08:48 +0200},
	Doi = {10.1103/PhysRevLett.83.3562},
	Journal = {Phys. Rev. Lett.},
	Month = {Oct},
	Number = {17},
	Numpages = {3},
	Pages = {3562--3565},
	Publisher = {American Physical Society},
	Title = {Separability and Distillability of Multiparticle Quantum Systems},
	Volume = {83},
	Year = {1999},
	Bdsk-Url-1 = {http://dx.doi.org/10.1103/PhysRevLett.83.3562}}

@article{Yu05,
	Author = {Yu, Chang-shui and Song, He-shan},
	Date-Added = {2011-08-19 15:07:30 +0200},
	Date-Modified = {2011-08-19 15:07:38 +0200},
	Doi = {10.1103/PhysRevA.72.022333},
	Journal = {Phys. Rev. A},
	Month = {Aug},
	Number = {2},
	Numpages = {4},
	Pages = {022333},
	Publisher = {American Physical Society},
	Title = {Separability criterion of tripartite qubit systems},
	Volume = {72},
	Year = {2005},
	Bdsk-Url-1 = {http://dx.doi.org/10.1103/PhysRevA.72.022333}}

@article{Jor03,
	Author = {Philippe Jorrand and Mehdi Mhalla},
	Bibsource = {DBLP, http://dblp.uni-trier.de},
	Date-Added = {2011-08-19 15:05:57 +0200},
	Date-Modified = {2011-08-19 15:06:07 +0200},
	Ee = {http://dx.doi.org/10.1142/S0129054103002035},
	Journal = {Int. J. Found. Comput. Sci.},
	Number = {5},
	Pages = {797-814},
	Title = {Separability Of Pure N-Qubit States: Two Characterizations},
	Volume = {14},
	Year = {2003}}

@article{Cof00,
	Author = {Coffman, Valerie and Kundu, Joydip and Wootters, William K.},
	Date-Added = {2011-08-19 15:01:12 +0200},
	Date-Modified = {2011-08-19 15:01:19 +0200},
	Doi = {10.1103/PhysRevA.61.052306},
	Journal = {Phys. Rev. A},
	Month = {Apr},
	Number = {5},
	Numpages = {5},
	Pages = {052306},
	Publisher = {American Physical Society},
	Title = {Distributed entanglement},
	Volume = {61},
	Year = {2000},
	Bdsk-Url-1 = {http://dx.doi.org/10.1103/PhysRevA.61.052306}}

@book{Neu95,
	Author = {Neumann, J.V.},
	Date-Added = {2011-08-19 14:48:07 +0200},
	Date-Modified = {2011-08-19 14:48:20 +0200},
	Isbn = {9783540592075},
	Publisher = {Springer},
	Series = {Grundlehren der mathematischen Wissenschaften},
	Title = {Mathematische Grundlagen der Quantenmechanik},
	Url = {http://books.google.ca/books?id=HFHjkEjJyKIC},
	Year = {1995},
	Bdsk-Url-1 = {http://books.google.ca/books?id=HFHjkEjJyKIC}}

@article{Bru02,
	Author = {Dagmar Bru{\ss}},
	Coden = {JMAPAQ},
	Date-Added = {2011-08-19 14:41:21 +0200},
	Date-Modified = {2011-08-19 14:52:04 +0200},
	Doi = {DOI:10.1063/1.1494474},
	Eissn = {10897658},
	Issn = {00222488},
	Journal = {J. Math. Phys.},
	Keywords = {quantum theory; quantum interference phenomena; information theory; mathematical operators;},
	Number = {9},
	Pages = {4237-4251},
	Publisher = {AIP},
	Title = {Characterizing entanglement},
	Url = {http://dx.doi.org/doi/10.1063/1.1494474},
	Volume = {43},
	Year = {2002},
	Bdsk-Url-1 = {http://dx.doi.org/doi/10.1063/1.1494474},
	Bdsk-Url-2 = {http://dx.doi.org/10.1063/1.1494474}}

@article{Woo96,
	Author = {Bennett, Charles H. and DiVincenzo, David P. and Smolin, John A. and Wootters, William K.},
	Date-Added = {2011-08-19 12:26:48 +0200},
	Date-Modified = {2011-08-19 12:26:58 +0200},
	Doi = {10.1103/PhysRevA.54.3824},
	Journal = {Phys. Rev. A},
	Month = {Nov},
	Number = {5},
	Numpages = {27},
	Pages = {3824--3851},
	Publisher = {American Physical Society},
	Title = {Mixed-state entanglement and quantum error correction},
	Volume = {54},
	Year = {1996},
	Bdsk-Url-1 = {http://dx.doi.org/10.1103/PhysRevA.54.3824}}

@article{Woo97,
	Author = {Hill, Scott and Wootters, William K.},
	Date-Added = {2011-08-19 12:25:27 +0200},
	Date-Modified = {2011-08-19 12:25:45 +0200},
	Doi = {10.1103/PhysRevLett.78.5022},
	Journal = {Phys. Rev. Lett.},
	Month = {Jun},
	Number = {26},
	Numpages = {3},
	Pages = {5022--5025},
	Publisher = {American Physical Society},
	Title = {Entanglement of a Pair of Quantum Bits},
	Volume = {78},
	Year = {1997},
	Bdsk-Url-1 = {http://dx.doi.org/10.1103/PhysRevLett.78.5022}}

@article{Poh09,
	Author = {Pohl, T. and Berman, P. R.},
	Date-Added = {2011-07-30 19:40:42 +0200},
	Date-Modified = {2011-07-30 19:40:51 +0200},
	Doi = {10.1103/PhysRevLett.102.013004},
	Journal = {Phys. Rev. Lett.},
	Month = {Jan},
	Number = {1},
	Numpages = {4},
	Pages = {013004},
	Publisher = {American Physical Society},
	Title = {Breaking the Dipole Blockade: Nearly Resonant Dipole Interactions in Few-Atom Systems},
	Volume = {102},
	Year = {2009},
	Bdsk-Url-1 = {http://dx.doi.org/10.1103/PhysRevLett.102.013004}}

@article{Saf09,
	Author = {Saffman, M. and M\o{}lmer, K.},
	Date-Added = {2011-07-30 19:39:14 +0200},
	Date-Modified = {2011-07-30 19:39:27 +0200},
	Doi = {10.1103/PhysRevLett.102.240502},
	Journal = {Phys. Rev. Lett.},
	Month = {Jun},
	Number = {24},
	Numpages = {4},
	Pages = {240502},
	Publisher = {American Physical Society},
	Title = {Efficient Multiparticle Entanglement via Asymmetric Rydberg Blockade},
	Volume = {102},
	Year = {2009},
	Bdsk-Url-1 = {http://dx.doi.org/10.1103/PhysRevLett.102.240502}}

@article{Walk08,
	Author = {Walker, Thad G. and Saffman, M.},
	Date-Added = {2011-07-30 19:38:30 +0200},
	Date-Modified = {2011-07-30 19:38:41 +0200},
	Doi = {10.1103/PhysRevA.77.032723},
	Journal = {Phys. Rev. A},
	Month = {Mar},
	Number = {3},
	Numpages = {18},
	Pages = {032723},
	Publisher = {American Physical Society},
	Title = {Consequences of Zeeman degeneracy for the van der Waals blockade between Rydberg atoms},
	Volume = {77},
	Year = {2008},
	Bdsk-Url-1 = {http://dx.doi.org/10.1103/PhysRevA.77.032723}}

@article{Amt10,
	Author = {Amthor, Thomas and Giese, Christian and Hofmann, Christoph S. and Weidem\"uller, Matthias},
	Date-Added = {2011-07-30 19:37:34 +0200},
	Date-Modified = {2011-07-30 19:37:47 +0200},
	Doi = {10.1103/PhysRevLett.104.013001},
	Journal = {Phys. Rev. Lett.},
	Month = {Jan},
	Number = {1},
	Numpages = {4},
	Pages = {013001},
	Publisher = {American Physical Society},
	Title = {Evidence of Antiblockade in an Ultracold Rydberg Gas},
	Volume = {104},
	Year = {2010},
	Bdsk-Url-1 = {http://dx.doi.org/10.1103/PhysRevLett.104.013001}}

@article{Boi02,
	Author = {Boisseau, Christophe and Simbotin, Ionel and C\^ot\'e, Robin},
	Date-Added = {2011-07-30 19:35:46 +0200},
	Date-Modified = {2011-07-30 19:35:57 +0200},
	Doi = {10.1103/PhysRevLett.88.133004},
	Journal = {Phys. Rev. Lett.},
	Month = {Mar},
	Number = {13},
	Numpages = {4},
	Pages = {133004},
	Publisher = {American Physical Society},
	Title = {Macrodimers: Ultralong Range Rydberg Molecules},
	Volume = {88},
	Year = {2002},
	Bdsk-Url-1 = {http://dx.doi.org/10.1103/PhysRevLett.88.133004}}

@article{lax68,
	Author = {Lax, Melvin},
	Date-Added = {2011-06-01 14:25:02 +0200},
	Date-Modified = {2011-06-01 14:25:15 +0200},
	Doi = {10.1103/PhysRev.172.350},
	Journal = {Phys. Rev.},
	Month = {Aug},
	Number = {2},
	Numpages = {11},
	Pages = {350--361},
	Publisher = {American Physical Society},
	Title = {Quantum Noise. XI. Multitime Correspondence between Quantum and Classical Stochastic Processes},
	Volume = {172},
	Year = {1968},
	Bdsk-Url-1 = {http://dx.doi.org/10.1103/PhysRev.172.350}}

@article{Sch30,
	Author = {E. Schr{\"o}dinger},
	Date-Added = {2011-05-27 16:35:00 +0200},
	Date-Modified = {2011-05-27 16:35:00 +0200},
	Journal = {Sitzungsber. Preuss. Akad. Wiss., Phys. Math. Kl.},
	Pages = {296},
	Title = {Zum Heisenbergschen Unsch\"arfeprinzip},
	Volume = {19},
	Year = {1930}}

@article{Rob34,
	Author = {Robertson, H. P.},
	Date-Added = {2011-05-27 16:35:00 +0200},
	Date-Modified = {2011-05-27 16:35:00 +0200},
	Doi = {10.1103/PhysRev.46.794},
	Journal = {Phys. Rev.},
	Month = {Nov},
	Number = {9},
	Numpages = {7},
	Pages = {794--801},
	Publisher = {American Physical Society},
	Title = {An Indeterminacy Relation for Several Observables and Its Classical Interpretation},
	Volume = {46},
	Year = {1934},
	Bdsk-Url-1 = {http://dx.doi.org/10.1103/PhysRev.46.794}}

@article{EPR35,
	Author = {Einstein, A. and Podolsky, B. and Rosen, N.},
	Date-Added = {2011-05-27 16:35:00 +0200},
	Date-Modified = {2011-05-27 16:35:00 +0200},
	Doi = {10.1103/PhysRev.47.777},
	Journal = {Phys. Rev.},
	Month = {May},
	Number = {10},
	Numpages = {3},
	Pages = {777--780},
	Publisher = {American Physical Society},
	Title = {Can Quantum-Mechanical Description of Physical Reality Be Considered Complete?},
	Volume = {47},
	Year = {1935},
	Bdsk-Url-1 = {http://dx.doi.org/10.1103/PhysRev.47.777}}

@article{Bel64,
	Author = {Jonh Bell},
	Date-Added = {2011-05-27 16:35:00 +0200},
	Date-Modified = {2011-05-27 16:35:00 +0200},
	Journal = {Physics},
	Pages = {195-200},
	Title = {On the Einstein-Podolsky-Rosen Paradox},
	Volume = {1},
	Year = {1964}}

@article{CHSH69,
	Author = {Clauser, John F. and Horne, Michael A. and Shimony, Abner and Holt, Richard A.},
	Date-Added = {2011-05-27 16:35:00 +0200},
	Date-Modified = {2011-05-27 16:35:00 +0200},
	Doi = {10.1103/PhysRevLett.23.880},
	Journal = {Phys. Rev. Lett.},
	Month = {Oct},
	Number = {15},
	Numpages = {4},
	Pages = {880--884},
	Publisher = {American Physical Society},
	Title = {Proposed Experiment to Test Local Hidden-Variable Theories},
	Volume = {23},
	Year = {1969},
	Bdsk-Url-1 = {http://dx.doi.org/10.1103/PhysRevLett.23.880}}

@article{Wer89,
	Author = {Werner, Reinhard F.},
	Date-Added = {2011-05-27 16:35:00 +0200},
	Date-Modified = {2011-05-27 16:35:00 +0200},
	Doi = {10.1103/PhysRevA.40.4277},
	Journal = {Phys. Rev. A},
	Month = {Oct},
	Number = {8},
	Numpages = {4},
	Pages = {4277--4281},
	Publisher = {American Physical Society},
	Title = {Quantum states with Einstein-Podolsky-Rosen correlations admitting a hidden-variable model},
	Volume = {40},
	Year = {1989},
	Bdsk-Url-1 = {http://dx.doi.org/10.1103/PhysRevA.40.4277}}

@article{Aga89,
	Author = {Agarwal, G. S. and Puri, R. R.},
	Date-Added = {2011-05-27 16:35:00 +0200},
	Date-Modified = {2011-05-27 16:35:00 +0200},
	Doi = {10.1103/PhysRevA.40.5179},
	Journal = {Phys. Rev. A},
	Month = {Nov},
	Number = {9},
	Numpages = {7},
	Pages = {5179--5186},
	Publisher = {American Physical Society},
	Title = {Quantum theory of propagation of elliptically polarized light through a Kerr medium},
	Volume = {40},
	Year = {1989},
	Bdsk-Url-1 = {http://dx.doi.org/10.1103/PhysRevA.40.5179}}

@article{Per96,
	Author = {Peres, Asher},
	Date-Added = {2011-05-27 16:35:00 +0200},
	Date-Modified = {2011-05-27 16:35:00 +0200},
	Doi = {10.1103/PhysRevLett.77.1413},
	Journal = {Phys. Rev. Lett.},
	Month = {Aug},
	Number = {8},
	Numpages = {2},
	Pages = {1413--1415},
	Publisher = {American Physical Society},
	Title = {Separability Criterion for Density Matrices},
	Volume = {77},
	Year = {1996},
	Bdsk-Url-1 = {http://dx.doi.org/10.1103/PhysRevLett.77.1413}}

@article{HHH96,
	Author = {Micha Horodecki and Pawe\l{} Horodecki and Ryszard Horodecki},
	Date-Added = {2011-05-27 16:35:00 +0200},
	Date-Modified = {2011-05-27 16:35:00 +0200},
	Journal = {Phys. Lett. A},
	Month = {Nov.},
	Pages = {1},
	Title = {Separability of mixed states: necessary and sufficient conditions},
	Volume = {223},
	Year = {1996}}

@article{Woo98,
	Author = {Wootters, William K.},
	Date-Added = {2011-05-27 16:35:00 +0200},
	Date-Modified = {2011-05-27 16:35:00 +0200},
	Doi = {10.1103/PhysRevLett.80.2245},
	Journal = {Phys. Rev. Lett.},
	Month = {Mar},
	Number = {10},
	Numpages = {3},
	Pages = {2245--2248},
	Publisher = {American Physical Society},
	Title = {Entanglement of Formation of an Arbitrary State of Two Qubits},
	Volume = {80},
	Year = {1998},
	Bdsk-Url-1 = {http://dx.doi.org/10.1103/PhysRevLett.80.2245}}

@article{Hor99,
	Author = {Horodecki, Micha\l{} and Horodecki, Pawe\l{}},
	Date-Added = {2011-05-27 16:35:00 +0200},
	Date-Modified = {2011-05-27 16:35:00 +0200},
	Doi = {10.1103/PhysRevA.59.4206},
	Journal = {Phys. Rev. A},
	Month = {Jun},
	Number = {6},
	Numpages = {10},
	Pages = {4206--4216},
	Publisher = {American Physical Society},
	Title = {Reduction criterion of separability and limits for a class of distillation protocols},
	Volume = {59},
	Year = {1999},
	Bdsk-Url-1 = {http://dx.doi.org/10.1103/PhysRevA.59.4206}}

@article{Dua00,
	Author = {Duan, Lu-Ming and Giedke, G. and Cirac, J. I. and Zoller, P.},
	Date-Added = {2011-05-27 16:35:00 +0200},
	Date-Modified = {2011-05-27 16:35:00 +0200},
	Doi = {10.1103/PhysRevLett.84.2722},
	Journal = {Phys. Rev. Lett.},
	Month = {Mar},
	Number = {12},
	Numpages = {3},
	Pages = {2722--2725},
	Publisher = {American Physical Society},
	Title = {Inseparability Criterion for Continuous Variable Systems},
	Volume = {84},
	Year = {2000},
	Bdsk-Url-1 = {http://dx.doi.org/10.1103/PhysRevLett.84.2722}}

@article{Sim00,
	Author = {Simon, R.},
	Date-Added = {2011-05-27 16:35:00 +0200},
	Date-Modified = {2011-05-27 16:35:00 +0200},
	Doi = {10.1103/PhysRevLett.84.2726},
	Journal = {Phys. Rev. Lett.},
	Month = {Mar},
	Number = {12},
	Numpages = {3},
	Pages = {2726--2729},
	Publisher = {American Physical Society},
	Title = {Peres-Horodecki Separability Criterion for Continuous Variable Systems},
	Volume = {84},
	Year = {2000},
	Bdsk-Url-1 = {http://dx.doi.org/10.1103/PhysRevLett.84.2726}}

@book{Nie00,
	Author = {Nielsen, M. A. and Chuang, I. L.},
	Citeulike-Article-Id = {698918},
	Date-Added = {2011-05-27 16:35:00 +0200},
	Date-Modified = {2011-05-27 16:35:00 +0200},
	Keywords = {quantum},
	Priority = {0},
	Publisher = {Cambridge University Press},
	Title = {Quantum Computation and Quantum Information},
	Year = {2000}}

@article{Aci00,
	Author = {Ac\'in, A. and Andrianov, A. and Costa, L. and Jan\'e, E. and Latorre, J. I. and Tarrach, R.},
	Date-Added = {2011-05-27 16:35:00 +0200},
	Date-Modified = {2011-05-27 16:35:00 +0200},
	Doi = {10.1103/PhysRevLett.85.1560},
	Journal = {Phys. Rev. Lett.},
	Month = {Aug},
	Number = {7},
	Numpages = {3},
	Pages = {1560--1563},
	Publisher = {American Physical Society},
	Title = {Generalized Schmidt Decomposition and Classification of Three-Quantum-Bit States},
	Volume = {85},
	Year = {2000},
	Bdsk-Url-1 = {http://dx.doi.org/10.1103/PhysRevLett.85.1560}}

@article{Dur00,
	Author = {D\"ur, W. and Vidal, G. and Cirac, J. I.},
	Date-Added = {2011-05-27 16:35:00 +0200},
	Date-Modified = {2011-05-27 16:35:00 +0200},
	Doi = {10.1103/PhysRevA.62.062314},
	Journal = {Phys. Rev. A},
	Month = {Nov},
	Number = {6},
	Numpages = {12},
	Pages = {062314},
	Publisher = {American Physical Society},
	Title = {Three qubits can be entangled in two inequivalent ways},
	Volume = {62},
	Year = {2000},
	Bdsk-Url-1 = {http://dx.doi.org/10.1103/PhysRevA.62.062314}}

@article{Pat00,
	Author = {A. Pati},
	Date-Added = {2011-05-27 16:35:00 +0200},
	Date-Modified = {2011-05-27 16:35:00 +0200},
	Journal = {Phys. Lett. A},
	Month = {December},
	Pages = {118},
	Title = {Existence of the Schmidt decomposition for tripartite systems},
	Volume = {278},
	Year = {2000}}

@article{Tse00,
	Author = {Tsegaye, Tedros and S\"oderholm, Jonas and Atat\"ure, Mete and Trifonov, Alexei and Bj\"ork, Gunnar and Sergienko, Alexander V. and Saleh, Bahaa E. A. and Teich, Malvin C.},
	Date-Added = {2011-05-27 16:35:00 +0200},
	Date-Modified = {2011-05-27 16:35:00 +0200},
	Doi = {10.1103/PhysRevLett.85.5013},
	Journal = {Phys. Rev. Lett.},
	Month = {Dec},
	Number = {24},
	Numpages = {4},
	Pages = {5013--5017},
	Publisher = {American Physical Society},
	Title = {Experimental Demonstration of Three Mutually Orthogonal Polarization States of Entangled Photons},
	Volume = {85},
	Year = {2000},
	Bdsk-Url-1 = {http://dx.doi.org/10.1103/PhysRevLett.85.5013}}

@article{Mai01,
	Annote = {10.1038/35085529},
	Author = {Mair, Alois and Vaziri, Alipasha and Weihs, Gregor and Zeilinger, Anton},
	Date-Added = {2011-05-27 16:35:00 +0200},
	Date-Modified = {2011-05-27 16:35:00 +0200},
	Isbn = {0028-0836},
	Journal = {Nature},
	M3 = {10.1038/35085529},
	Number = {6844},
	Pages = {313--316},
	Title = {Entanglement of the orbital angular momentum states of photons},
	Ty = {JOUR},
	Url = {http://dx.doi.org/10.1038/35085529},
	Volume = {412},
	Year = {2001},
	Bdsk-Url-1 = {http://dx.doi.org/10.1038/35085529}}

@article{Dua01,
	Annote = {10.1038/35106500},
	Author = {Duan, L. -M. and Lukin, M. D. and Cirac, J. I. and Zoller, P.},
	Date-Added = {2011-05-27 16:35:00 +0200},
	Date-Modified = {2011-05-27 16:35:00 +0200},
	Isbn = {0028-0836},
	Journal = {Nature},
	L3 = {http://www.nature.com/nature/journal/v414/n6862/suppinfo/414413a0_S1.html},
	M3 = {10.1038/35106500},
	Number = {6862},
	Pages = {413--418},
	Title = {Long-distance quantum communication with atomic ensembles and linear optics},
	Ty = {JOUR},
	Url = {http://dx.doi.org/10.1038/35106500},
	Volume = {414},
	Year = {2001},
	Bdsk-Url-1 = {http://dx.doi.org/10.1038/35106500}}

@article{Dur01,
	Author = {D\"ur, W.},
	Date-Added = {2011-05-27 16:35:00 +0200},
	Date-Modified = {2011-05-27 16:35:00 +0200},
	Doi = {10.1103/PhysRevLett.87.230402},
	Journal = {Phys. Rev. Lett.},
	Month = {Nov},
	Number = {23},
	Pages = {230402},
	Publisher = {American Physical Society},
	Title = {Multipartite Bound Entangled States that Violate Bell's Inequality},
	Volume = {87},
	Year = {2001},
	Bdsk-Url-1 = {http://dx.doi.org/10.1103/PhysRevLett.87.230402}}

@article{Gis02,
	Author = {Gisin, Nicolas and Ribordy, Gr\'egoire and Tittel, Wolfgang and Zbinden, Hugo},
	Date-Added = {2011-05-27 16:35:00 +0200},
	Date-Modified = {2011-05-27 16:35:00 +0200},
	Doi = {10.1103/RevModPhys.74.145},
	Journal = {Rev. Mod. Phys.},
	Month = {Mar},
	Number = {1},
	Numpages = {50},
	Pages = {145--195},
	Publisher = {American Physical Society},
	Title = {Quantum cryptography},
	Volume = {74},
	Year = {2002},
	Bdsk-Url-1 = {http://dx.doi.org/10.1103/RevModPhys.74.145}}

@article{Man02,
	Author = {Mancini, Stefano and Giovannetti, Vittorio and Vitali, David and Tombesi, Paolo},
	Date-Added = {2011-05-27 16:35:00 +0200},
	Date-Modified = {2011-05-27 16:35:00 +0200},
	Doi = {10.1103/PhysRevLett.88.120401},
	Journal = {Phys. Rev. Lett.},
	Month = {Mar},
	Number = {12},
	Numpages = {4},
	Pages = {120401},
	Publisher = {American Physical Society},
	Title = {Entangling Macroscopic Oscillators Exploiting Radiation Pressure},
	Volume = {88},
	Year = {2002},
	Bdsk-Url-1 = {http://dx.doi.org/10.1103/PhysRevLett.88.120401}}

@article{Gal02,
	Author = {Galindo, A. and Mart\'in-Delgado, M. A.},
	Date-Added = {2011-05-27 16:35:00 +0200},
	Date-Modified = {2011-05-27 16:35:00 +0200},
	Doi = {10.1103/RevModPhys.74.347},
	Journal = {Rev. Mod. Phys.},
	Month = {May},
	Number = {2},
	Numpages = {76},
	Pages = {347--423},
	Publisher = {American Physical Society},
	Title = {Information and computation: Classical and quantum aspects},
	Volume = {74},
	Year = {2002},
	Bdsk-Url-1 = {http://dx.doi.org/10.1103/RevModPhys.74.347}}

@article{Guh02,
	Author = {G\"uhne, O. and Hyllus, P. and Bru\ss{}, D. and Ekert, A. and Lewenstein, M. and Macchiavello, C. and Sanpera, A.},
	Date-Added = {2011-05-27 16:35:00 +0200},
	Date-Modified = {2011-05-27 16:35:00 +0200},
	Doi = {10.1103/PhysRevA.66.062305},
	Journal = {Phys. Rev. A},
	Month = {Dec},
	Number = {6},
	Numpages = {5},
	Pages = {062305},
	Publisher = {American Physical Society},
	Title = {Detection of entanglement with few local measurements},
	Volume = {66},
	Year = {2002},
	Bdsk-Url-1 = {http://dx.doi.org/10.1103/PhysRevA.66.062305}}

@article{Gio03,
	Author = {Giovannetti, Vittorio and Mancini, Stefano and Vitali, David and Tombesi, Paolo},
	Date-Added = {2011-05-27 16:35:00 +0200},
	Date-Modified = {2011-05-27 16:35:00 +0200},
	Doi = {10.1103/PhysRevA.67.022320},
	Journal = {Phys. Rev. A},
	Month = {Feb},
	Number = {2},
	Numpages = {5},
	Pages = {022320},
	Publisher = {American Physical Society},
	Title = {Characterizing the entanglement of bipartite quantum systems},
	Volume = {67},
	Year = {2003},
	Bdsk-Url-1 = {http://dx.doi.org/10.1103/PhysRevA.67.022320}}

@article{Aga03,
	Author = {Agarwal, G. S. and Ponomarenko, S. A.},
	Date-Added = {2011-05-27 16:35:00 +0200},
	Date-Modified = {2011-05-27 16:35:00 +0200},
	Doi = {10.1103/PhysRevA.67.032103},
	Journal = {Phys. Rev. A},
	Month = {Mar},
	Number = {3},
	Numpages = {5},
	Pages = {032103},
	Publisher = {American Physical Society},
	Title = {Minimum-correlation mixed quantum states},
	Volume = {67},
	Year = {2003},
	Bdsk-Url-1 = {http://dx.doi.org/10.1103/PhysRevA.67.032103}}

@article{Ray03,
	Author = {Raymer, M. G. and Funk, A. C. and Sanders, B. C. and de Guise, H.},
	Date-Added = {2011-05-27 16:35:00 +0200},
	Date-Modified = {2011-05-27 16:35:00 +0200},
	Doi = {10.1103/PhysRevA.67.052104},
	Journal = {Phys. Rev. A},
	Month = {May},
	Number = {5},
	Numpages = {5},
	Pages = {052104},
	Publisher = {American Physical Society},
	Title = {Separability criterion for separate quantum systems},
	Volume = {67},
	Year = {2003},
	Bdsk-Url-1 = {http://dx.doi.org/10.1103/PhysRevA.67.052104}}

@article{Hof03,
	Author = {Hofmann, Holger F.},
	Date-Added = {2011-05-27 16:35:00 +0200},
	Date-Modified = {2011-05-27 16:35:00 +0200},
	Doi = {10.1103/PhysRevA.68.034307},
	Journal = {Phys. Rev. A},
	Month = {Sep},
	Number = {3},
	Numpages = {4},
	Pages = {034307},
	Publisher = {American Physical Society},
	Title = {Bound entangled states violate a nonsymmetric local uncertainty relation},
	Volume = {68},
	Year = {2003},
	Bdsk-Url-1 = {http://dx.doi.org/10.1103/PhysRevA.68.034307}}

@article{Hof03-2,
	Author = {Hofmann, Holger F. and Takeuchi, Shigeki},
	Date-Added = {2011-05-27 16:35:00 +0200},
	Date-Modified = {2011-05-27 16:35:00 +0200},
	Doi = {10.1103/PhysRevA.68.032103},
	Journal = {Phys. Rev. A},
	Month = {Sep},
	Number = {3},
	Numpages = {6},
	Pages = {032103},
	Publisher = {American Physical Society},
	Title = {Violation of local uncertainty relations as a signature of entanglement},
	Volume = {68},
	Year = {2003},
	Bdsk-Url-1 = {http://dx.doi.org/10.1103/PhysRevA.68.032103}}

@article{Guh04,
	Author = {Otfried G\"{u}hne},
	Date-Added = {2011-05-27 16:35:00 +0200},
	Date-Modified = {2011-05-27 16:35:00 +0200},
	Doi = {10.1103/PhysRevLett.92.117903},
	Eid = {117903},
	Journal = {Phys. Rev. Lett.},
	Keywords = {quantum entanglement; bound states},
	Number = {11},
	Numpages = {4},
	Pages = {117903},
	Publisher = {APS},
	Title = {Characterizing Entanglement via Uncertainty Relations},
	Url = {http://link.aps.org/abstract/PRL/v92/e117903},
	Volume = {92},
	Year = {2004},
	Bdsk-Url-1 = {http://link.aps.org/abstract/PRL/v92/e117903},
	Bdsk-Url-2 = {http://dx.doi.org/10.1103/PhysRevLett.92.117903}}

@article{Dur05,
	Author = {Gabriel A. Durkin and Christoph Simon},
	Date-Added = {2011-05-27 16:35:00 +0200},
	Date-Modified = {2011-05-27 16:35:00 +0200},
	Doi = {10.1103/PhysRevLett.95.180402},
	Eid = {180402},
	Journal = {Phys. Rev. Lett.},
	Keywords = {quantum entanglement; Bell theorem; bound states; quantum computing},
	Number = {18},
	Pages = {180402},
	Publisher = {APS},
	Title = {Multipartite Entanglement Inequalities via Spin Vector Geometry},
	Url = {http://link.aps.org/abstract/PRL/v95/e180402},
	Volume = {95},
	Year = {2005},
	Bdsk-Url-1 = {http://link.aps.org/abstract/PRL/v95/e180402},
	Bdsk-Url-2 = {http://dx.doi.org/10.1103/PhysRevLett.95.180402}}

@article{Bra05,
	Author = {Samuel L. Braunstein and Peter van Loock},
	Date-Added = {2011-05-27 16:35:00 +0200},
	Date-Modified = {2011-05-27 16:35:00 +0200},
	Doi = {10.1103/RevModPhys.77.513},
	Eid = {513},
	Journal = {Rev. Mod. Phys.},
	Keywords = {quantum entanglement; quantum communication; quantum optics; reviews; information theory},
	Number = {2},
	Pages = {513},
	Publisher = {APS},
	Title = {Quantum information with continuous variables},
	Url = {http://link.aps.org/abstract/RMP/v77/p513},
	Volume = {77},
	Year = {2005},
	Bdsk-Url-1 = {http://link.aps.org/abstract/RMP/v77/p513},
	Bdsk-Url-2 = {http://dx.doi.org/10.1103/RevModPhys.77.513}}

@article{Tot05,
	Author = {G\'{e}za T\'{o}th and Otfried G\"{u}hne},
	Date-Added = {2011-05-27 16:35:00 +0200},
	Date-Modified = {2011-05-27 16:35:00 +0200},
	Doi = {10.1103/PhysRevLett.94.060501},
	Eid = {060501},
	Journal = {Phys. Rev. Lett.},
	Keywords = {quantum entanglement; Bell theorem},
	Number = {6},
	Pages = {060501},
	Publisher = {APS},
	Title = {Detecting Genuine Multipartite Entanglement with Two Local Measurements},
	Url = {http://link.aps.org/abstract/PRL/v94/e060501},
	Volume = {94},
	Year = {2005},
	Bdsk-Url-1 = {http://link.aps.org/abstract/PRL/v94/e060501},
	Bdsk-Url-2 = {http://dx.doi.org/10.1103/PhysRevLett.94.060501}}

@article{Asb05,
	Author = {Janos K. Asboth and John Calsamiglia and Helmut Ritsch},
	Date-Added = {2011-05-27 16:35:00 +0200},
	Date-Modified = {2011-05-27 16:35:00 +0200},
	Doi = {10.1103/PhysRevLett.94.173602},
	Eid = {173602},
	Journal = {Phys. Rev. Lett.},
	Keywords = {quantum optics; quantum entanglement},
	Number = {17},
	Pages = {173602},
	Publisher = {APS},
	Title = {Computable Measure of Nonclassicality for Light},
	Url = {http://link.aps.org/abstract/PRL/v94/e173602},
	Volume = {94},
	Year = {2005},
	Bdsk-Url-1 = {http://link.aps.org/abstract/PRL/v94/e173602},
	Bdsk-Url-2 = {http://dx.doi.org/10.1103/PhysRevLett.94.173602}}

@article{Aga05,
	Abstract = {There are several examples of bipartite entangled states of continuous variables for which the existing criteria for entanglement using the inequalities involving the second-order moments are insufficient. We derive new inequalities involving higher order correlation, for testing entanglement in non-Gaussian states. In this context, we study an example of a non-Gaussian state, which is a bipartite entangled state of the form \\psi(x_{\\rm a},x_{\\rm b})\\propto (\\alpha x_{\\rm a}+\\beta x_{\\rm b})\\rme\^{}{-(x_{\\rm a}\^{}2+x_{\\rm b}\^{}2)/2}. Our results open up an avenue to search for new inequalities to test entanglement in non-Gaussian states.},
	Author = {G S Agarwal and Asoka Biswas},
	Date-Added = {2011-05-27 16:35:00 +0200},
	Date-Modified = {2011-05-27 16:35:00 +0200},
	Journal = {New J. Phys.},
	Pages = {211},
	Title = {Inseparability inequalities for higher order moments for bipartite systems},
	Url = {http://stacks.iop.org/1367-2630/7/211},
	Volume = {7},
	Year = {2005},
	Bdsk-Url-1 = {http://stacks.iop.org/1367-2630/7/211}}

@article{Tot05-2,
	Author = {G\'{e}za T\'{o}th and Otfried G\"{u}hne},
	Date-Added = {2011-05-27 16:35:00 +0200},
	Date-Modified = {2011-05-27 16:35:00 +0200},
	Doi = {10.1103/PhysRevA.72.022340},
	Eid = {022340},
	Journal = {Phys. Rev. A},
	Keywords = {quantum entanglement; Bell theorem; quantum computing},
	Number = {2},
	Numpages = {14},
	Pages = {022340},
	Publisher = {APS},
	Title = {Entanglement detection in the stabilizer formalism},
	Url = {http://link.aps.org/abstract/PRA/v72/e022340},
	Volume = {72},
	Year = {2005},
	Bdsk-Url-1 = {http://link.aps.org/abstract/PRA/v72/e022340},
	Bdsk-Url-2 = {http://dx.doi.org/10.1103/PhysRevA.72.022340}}

@article{Shc05,
	Author = {E. Shchukin and W. Vogel},
	Date-Added = {2011-05-27 16:35:00 +0200},
	Date-Modified = {2011-05-27 16:35:00 +0200},
	Doi = {10.1103/PhysRevLett.95.230502},
	Eid = {230502},
	Journal = {Phys. Rev. Lett.},
	Keywords = {quantum entanglement},
	Number = {23},
	Numpages = {4},
	Pages = {230502},
	Publisher = {APS},
	Title = {Inseparability Criteria for Continuous Bipartite Quantum States},
	Url = {http://link.aps.org/abstract/PRL/v95/e230502},
	Volume = {95},
	Year = {2005},
	Bdsk-Url-1 = {http://link.aps.org/abstract/PRL/v95/e230502},
	Bdsk-Url-2 = {http://dx.doi.org/10.1103/PhysRevLett.95.230502}}

@article{Min05,
	Adsnote = {Provided by the Smithsonian/NASA Astrophysics Data System},
	Adsurl = {http://adsabs.harvard.edu/abs/2005PhR...415..207M},
	Author = {{Mintert}, F. and {Carvalho}, A.~R.~R. and {Ku{\'s}}, M. and {Buchleitner}, A.},
	Date-Added = {2011-05-27 16:35:00 +0200},
	Date-Modified = {2011-05-27 16:35:00 +0200},
	Doi = {10.1016/j.physrep.2005.04.006},
	Eprint = {arXiv:quant-ph/0505162},
	Journal = {Phys. Rep.},
	Month = aug,
	Pages = {207-259},
	Title = {Measures and dynamics of entangled states},
	Volume = 415,
	Year = 2005,
	Bdsk-Url-1 = {http://dx.doi.org/10.1016/j.physrep.2005.04.006}}

@article{Hil06-2,
	Author = {Mark Hillery and M. Suhail Zubairy},
	Date-Added = {2011-05-27 16:35:00 +0200},
	Date-Modified = {2011-05-27 16:35:00 +0200},
	Doi = {10.1103/PhysRevA.74.032333},
	Eid = {032333},
	Journal = {Phys. Rev. A},
	Keywords = {quantum entanglement; optical beam splitters; optical parametric amplifiers; quantum optics},
	Number = {3},
	Numpages = {7},
	Pages = {032333},
	Publisher = {APS},
	Title = {Entanglement conditions for two-mode states: Applications},
	Url = {http://link.aps.org/abstract/PRA/v74/e032333},
	Volume = {74},
	Year = {2006},
	Bdsk-Url-1 = {http://link.aps.org/abstract/PRA/v74/e032333},
	Bdsk-Url-2 = {http://dx.doi.org/10.1103/PhysRevA.74.032333}}

@article{Bre06,
	Author = {Heinz-Peter Breuer},
	Date-Added = {2011-05-27 16:35:00 +0200},
	Date-Modified = {2011-05-27 16:35:00 +0200},
	Doi = {10.1103/PhysRevLett.97.080501},
	Eid = {080501},
	Journal = {Phys. Rev. Lett.},
	Number = {8},
	Numpages = {4},
	Pages = {080501},
	Publisher = {APS},
	Title = {Optimal Entanglement Criterion for Mixed Quantum States},
	Url = {http://link.aps.org/abstract/PRL/v97/e080501},
	Volume = {97},
	Year = {2006},
	Bdsk-Url-1 = {http://link.aps.org/abstract/PRL/v97/e080501},
	Bdsk-Url-2 = {http://dx.doi.org/10.1103/PhysRevLett.97.080501}}

@article{Nha06,
	Author = {Hyunchul Nha and Jaewan Kim},
	Date-Added = {2011-05-27 16:35:00 +0200},
	Date-Modified = {2011-05-27 16:35:00 +0200},
	Doi = {10.1103/PhysRevA.74.012317},
	Eid = {012317},
	Journal = {Phys. Rev. A},
	Keywords = {quantum entanglement; SU(2) theory; algebra; quantum optics; mathematical operators},
	Number = {1},
	Numpages = {7},
	Pages = {012317},
	Publisher = {APS},
	Title = {Entanglement criteria via the uncertainty relations in su(2) and su(1,1) algebras: Detection of non-Gaussian entangled states},
	Url = {http://link.aps.org/abstract/PRA/v74/e012317},
	Volume = {74},
	Year = {2006},
	Bdsk-Url-1 = {http://link.aps.org/abstract/PRA/v74/e012317},
	Bdsk-Url-2 = {http://dx.doi.org/10.1103/PhysRevA.74.012317}}

@article{Hil06,
	Author = {Mark Hillery and M. Suhail Zubairy},
	Date-Added = {2011-05-27 16:35:00 +0200},
	Date-Modified = {2011-05-27 16:35:00 +0200},
	Doi = {10.1103/PhysRevLett.96.050503},
	Eid = {050503},
	Journal = {Phys. Rev. Lett.},
	Keywords = {quantum entanglement; information theory},
	Number = {5},
	Numpages = {4},
	Pages = {050503},
	Publisher = {APS},
	Read = {No},
	Title = {Entanglement Conditions for Two-Mode States},
	Url = {http://link.aps.org/abstract/PRL/v96/e050503},
	Volume = {96},
	Year = {2006},
	Bdsk-Url-1 = {http://link.aps.org/abstract/PRL/v96/e050503},
	Bdsk-Url-2 = {http://dx.doi.org/10.1103/PhysRevLett.96.050503}}

@article{Ger07,
	Author = {Christopher C. Gerry and R. Grobe},
	Date-Added = {2011-05-27 16:35:00 +0200},
	Date-Modified = {2011-05-27 16:35:00 +0200},
	Doi = {10.1103/PhysRevA.75.034303},
	Eid = {034303},
	Journal = {Phys. Rev. A},
	Keywords = {quantum entanglement; Mach-Zehnder interferometers; optical Kerr effect; nonlinear optics},
	Number = {3},
	Pages = {034303},
	Publisher = {APS},
	Title = {Nonlocal entanglement of coherent states, complementarity, and quantum erasure},
	Url = {http://link.aps.org/abstract/PRA/v75/e034303},
	Volume = {75},
	Year = {2007},
	Bdsk-Url-1 = {http://link.aps.org/abstract/PRA/v75/e034303},
	Bdsk-Url-2 = {http://dx.doi.org/10.1103/PhysRevA.75.034303}}

@article{Ush07,
	Author = {A. R. Usha Devi and R. Prabhu and A. K. Rajagopal},
	Date-Added = {2011-05-27 16:35:00 +0200},
	Date-Modified = {2011-05-27 16:35:00 +0200},
	Doi = {10.1103/PhysRevLett.98.060501},
	Eid = {060501},
	Journal = {Phys. Rev. Lett.},
	Number = {6},
	Numpages = {4},
	Pages = {060501},
	Publisher = {APS},
	Title = {Characterizing Multiparticle Entanglement in Symmetric N-Qubit States via Negativity of Covariance Matrices},
	Url = {http://link.aps.org/abstract/PRL/v98/e060501},
	Volume = {98},
	Year = {2007},
	Bdsk-Url-1 = {http://link.aps.org/abstract/PRL/v98/e060501},
	Bdsk-Url-2 = {http://dx.doi.org/10.1103/PhysRevLett.98.060501}}

@article{Kly07,
	Author = {Alexander A. Klyachko and Bar\.{i}\c{s} \"{O}ztop and Alexander S. Shumovsky},
	Date-Added = {2011-05-27 16:35:00 +0200},
	Date-Modified = {2011-05-27 16:35:00 +0200},
	Doi = {10.1103/PhysRevA.75.032315},
	Eid = {032315},
	Journal = {Phys. Rev. A},
	Keywords = {quantum entanglement; quantum cryptography; quantum computing},
	Number = {3},
	Numpages = {6},
	Pages = {032315},
	Publisher = {APS},
	Title = {Quantification of entanglement via uncertainties},
	Url = {http://link.aps.org/abstract/PRA/v75/e032315},
	Volume = {75},
	Year = {2007},
	Bdsk-Url-1 = {http://link.aps.org/abstract/PRA/v75/e032315},
	Bdsk-Url-2 = {http://dx.doi.org/10.1103/PhysRevA.75.032315}}

@article{Nha07,
	Author = {Hyunchul Nha},
	Date-Added = {2011-05-27 16:35:00 +0200},
	Date-Modified = {2011-05-27 16:35:00 +0200},
	Doi = {10.1103/PhysRevA.76.014305},
	Eid = {014305},
	Journal = {Phys. Rev. A},
	Keywords = {quantum entanglement; SU(2) theory; algebra; bound states; indeterminancy; quantum optics},
	Number = {1},
	Numpages = {4},
	Pages = {014305},
	Publisher = {APS},
	Title = {Entanglement condition via SU(2) and SU(1,1) algebra using Schr\"odinger-Robertson uncertainty relation},
	Url = {http://link.aps.org/abstract/PRA/v76/e014305},
	Volume = {76},
	Year = {2007},
	Bdsk-Url-1 = {http://link.aps.org/abstract/PRA/v76/e014305},
	Bdsk-Url-2 = {http://dx.doi.org/10.1103/PhysRevA.76.014305}}

@article{Son08,
	Abstract = {Based on the Schr\"{o}dinger-Robertson indeterminacy relations in conjugation with the partial transposition, we derive a class of inequalities for detecting entanglement in several tripartite systems, including bosonic, SU(2) and SU(1, 1) systems. These inequalities are in general stronger than those based on the usual Heisenberg relations for detecting entanglement. We also discuss the reduction from SU(2) and SU(1, 1) to bosonic systems and the generalization to a multipartite case.},
	Author = {Lijun Song and Xiaoguang Wang and Dong Yan and Zhong-Sheng Pu},
	Date-Added = {2011-05-27 16:35:00 +0200},
	Date-Modified = {2011-05-27 16:35:00 +0200},
	Journal = {J. Phys. B},
	Number = {1},
	Pages = {015505},
	Title = {Entanglement conditions for tripartite systems via indeterminacy relations},
	Url = {http://stacks.iop.org/0953-4075/41/015505},
	Volume = {41},
	Year = {2008},
	Bdsk-Url-1 = {http://stacks.iop.org/0953-4075/41/015505}}

@article{Gla63,
	Author = {Glauber, Roy J.},
	Date-Added = {2011-05-27 16:34:27 +0200},
	Date-Modified = {2011-05-27 16:34:27 +0200},
	Doi = {10.1103/PhysRev.130.2529},
	Journal = {Phys. Rev.},
	Month = {Jun},
	Number = {6},
	Numpages = {10},
	Pages = {2529--2539},
	Publisher = {American Physical Society},
	Title = {The Quantum Theory of Optical Coherence},
	Volume = {130},
	Year = {1963},
	Bdsk-Url-1 = {http://dx.doi.org/10.1103/PhysRev.130.2529}}

@book{Aga74,
	Author = {G. S. Agarwal},
	Date-Added = {2011-05-27 16:34:27 +0200},
	Date-Modified = {2011-05-27 16:34:27 +0200},
	Publisher = {Springer, Berlin},
	Series = {Springer Tracts in Modern Physics},
	Title = {Quantum Statistical Theories of Spontaneous Emission and Their Relation to Other Approaches},
	Volume = {70},
	Year = {1974}}

@article{Luk01,
	Author = {Lukin, M. D. and Fleischhauer, M. and Cote, R. and Duan, L. M. and Jaksch, D. and Cirac, J. I. and Zoller, P.},
	Date-Added = {2011-05-27 16:34:27 +0200},
	Date-Modified = {2011-05-27 16:34:27 +0200},
	Doi = {10.1103/PhysRevLett.87.037901},
	Journal = {Phys. Rev. Lett.},
	Month = {Jun},
	Number = {3},
	Numpages = {4},
	Pages = {037901},
	Publisher = {American Physical Society},
	Title = {Dipole Blockade and Quantum Information Processing in Mesoscopic Atomic Ensembles},
	Volume = {87},
	Year = {2001},
	Bdsk-Url-1 = {http://dx.doi.org/10.1103/PhysRevLett.87.037901}}

@article{Bir05,
	Annote = {10.1038/nature03804},
	Author = {Birnbaum, K. M. and Boca, A. and Miller, R. and Boozer, A. D. and Northup, T. E. and Kimble, H. J.},
	Date-Added = {2011-05-27 16:34:27 +0200},
	Date-Modified = {2011-05-27 16:34:27 +0200},
	Day = {07},
	Isbn = {0028-0836},
	Journal = {Nature},
	L3 = {http://www.nature.com/nature/journal/v436/n7047/suppinfo/nature03804_S1.html},
	M3 = {10.1038/nature03804},
	Month = {07},
	Number = {7047},
	Pages = {87--90},
	Title = {Photon blockade in an optical cavity with one trapped atom},
	Ty = {JOUR},
	Url = {http://dx.doi.org/10.1038/nature03804},
	Volume = {436},
	Year = {2005},
	Bdsk-Url-1 = {http://dx.doi.org/10.1038/nature03804}}

@article{Das08,
	Author = {Sumanta Das and G. S. Agarwal and Marlan O. Scully},
	Date-Added = {2011-05-27 16:34:27 +0200},
	Date-Modified = {2011-05-27 16:34:27 +0200},
	Doi = {10.1103/PhysRevLett.101.153601},
	Eid = {153601},
	Journal = {Phys. Rev. Lett.},
	Number = {15},
	Numpages = {4},
	Pages = {153601},
	Publisher = {APS},
	Title = {Quantum Interferences in Cooperative Dicke Emission from Spatial Variation of the Laser Phase},
	Url = {http://link.aps.org/abstract/PRL/v101/e153601},
	Volume = {101},
	Year = {2008},
	Bdsk-Url-1 = {http://link.aps.org/abstract/PRL/v101/e153601},
	Bdsk-Url-2 = {http://dx.doi.org/10.1103/PhysRevLett.101.153601}}

@article{Urb09,
	Annote = {10.1038/nphys1178},
	Author = {Urban, E. and Johnson, T. A. and Henage, T. and Isenhower, L. and Yavuz, D. D. and Walker, T. G. and Saffman, M.},
	Date-Added = {2011-05-27 16:34:27 +0200},
	Date-Modified = {2011-05-27 16:34:27 +0200},
	Isbn = {1745-2473},
	Journal = {Nat. Phys.},
	L3 = {http://www.nature.com/nphys/journal/v5/n2/suppinfo/nphys1178_S1.html},
	M3 = {10.1038/nphys1178},
	Month = {02},
	Number = {2},
	Pages = {110--114},
	Publisher = {Nature Publishing Group},
	Title = {Observation of Rydberg blockade between two atoms},
	Ty = {JOUR},
	Url = {http://dx.doi.org/10.1038/nphys1178},
	Volume = {5},
	Year = {2009},
	Bdsk-Url-1 = {http://dx.doi.org/10.1038/nphys1178}}

@article{Gae09,
	Annote = {10.1038/nphys1183},
	Author = {Gaetan, Alpha and Miroshnychenko, Yevhen and Wilk, Tatjana and Chotia, Amodsen and Viteau, Matthieu and Comparat, Daniel and Pillet, Pierre and Browaeys, Antoine and Grangier, Philippe},
	Date-Added = {2011-05-27 16:34:27 +0200},
	Date-Modified = {2011-05-27 16:34:27 +0200},
	Isbn = {1745-2473},
	Journal = {Nat. Phys.},
	L3 = {http://www.nature.com/nphys/journal/v5/n2/suppinfo/nphys1183_S1.html},
	M3 = {10.1038/nphys1183},
	Month = {02},
	Number = {2},
	Pages = {115--118},
	Publisher = {Nature Publishing Group},
	Title = {Observation of collective excitation of two individual atoms in the Rydberg blockade regime},
	Ty = {JOUR},
	Url = {http://dx.doi.org/10.1038/nphys1183},
	Volume = {5},
	Year = {2009},
	Bdsk-Url-1 = {http://dx.doi.org/10.1038/nphys1183}}

@article{Gop29,
	Author = {G{\"o}ppert, Maria},
	Date-Added = {2011-05-27 11:11:15 +0200},
	Date-Modified = {2011-05-27 11:11:32 +0200},
	Issn = {0028-1042},
	Issue = {48},
	Journal = {Naturwissenschaften},
	Keyword = {Biomedical and Life Sciences},
	Note = {10.1007/BF01506585},
	Pages = {932-932},
	Publisher = {Springer Berlin / Heidelberg},
	Title = {{\"U}ber die Wahrscheinlichkeit des Zusammenwirkens zweier Lichtquanten in einem Elementarakt},
	Url = {http://dx.doi.org/10.1007/BF01506585},
	Volume = {17},
	Year = {1929},
	Bdsk-Url-1 = {http://dx.doi.org/10.1007/BF01506585}}

@book{Lou00,
	Author = {R. Loudon},
	Date-Added = {2010-09-07 15:55:23 +0200},
	Date-Modified = {2011-09-10 21:40:46 +0200},
	Publisher = {Oxford University Press, London},
	Title = {The Quantum Theory of Light},
	Year = {2000}}

@article{Bau09,
	Author = {Baur, M. and Filipp, S. and Bianchetti, R. and Fink, J. M. and G\"oppl, M. and Steffen, L. and Leek, P. J. and Blais, A. and Wallraff, A.},
	Date-Added = {2010-05-18 21:24:41 -0500},
	Date-Modified = {2010-05-18 21:24:47 -0500},
	Doi = {10.1103/PhysRevLett.102.243602},
	Journal = {Phys. Rev. Lett.},
	Month = {Jun},
	Number = {24},
	Numpages = {4},
	Pages = {243602},
	Publisher = {American Physical Society},
	Title = {Measurement of Autler-Townes and Mollow Transitions in a Strongly Driven Superconducting Qubit},
	Volume = {102},
	Year = {2009},
	Bdsk-Url-1 = {http://dx.doi.org/10.1103/PhysRevLett.102.243602}}

@article{Tho98,
	Author = {Thompson, R. J. and Turchette, Q. A. and Carnal, O. and Kimble, H. J.},
	Date-Added = {2010-05-18 21:23:45 -0500},
	Date-Modified = {2010-05-18 21:23:52 -0500},
	Doi = {10.1103/PhysRevA.57.3084},
	Journal = {Phys. Rev. A},
	Month = {Apr},
	Number = {4},
	Numpages = {20},
	Pages = {3084--3104},
	Publisher = {American Physical Society},
	Title = {Nonlinear spectroscopy in the strong-coupling regime of cavity QED},
	Volume = {57},
	Year = {1998},
	Bdsk-Url-1 = {http://dx.doi.org/10.1103/PhysRevA.57.3084}}

@article{Mau05,
	Author = {Maunz, P. and Puppe, T. and Schuster, I. and Syassen, N. and Pinkse, P. W. H. and Rempe, G.},
	Date-Added = {2010-05-18 21:20:55 -0500},
	Date-Modified = {2010-05-18 21:21:03 -0500},
	Doi = {10.1103/PhysRevLett.94.033002},
	Journal = {Phys. Rev. Lett.},
	Month = {Jan},
	Number = {3},
	Numpages = {4},
	Pages = {033002},
	Publisher = {American Physical Society},
	Title = {Normal-Mode Spectroscopy of a Single-Bound-Atom--Cavity System},
	Volume = {94},
	Year = {2005},
	Bdsk-Url-1 = {http://dx.doi.org/10.1103/PhysRevLett.94.033002}}

@article{Boc04,
	Author = {Boca, A. and Miller, R. and Birnbaum, K. M. and Boozer, A. D. and McKeever, J. and Kimble, H. J.},
	Date-Added = {2010-05-18 21:20:28 -0500},
	Date-Modified = {2010-05-18 21:20:35 -0500},
	Doi = {10.1103/PhysRevLett.93.233603},
	Journal = {Phys. Rev. Lett.},
	Month = {Dec},
	Number = {23},
	Numpages = {4},
	Pages = {233603},
	Publisher = {American Physical Society},
	Title = {Observation of the Vacuum Rabi Spectrum for One Trapped Atom},
	Volume = {93},
	Year = {2004},
	Bdsk-Url-1 = {http://dx.doi.org/10.1103/PhysRevLett.93.233603}}

@article{Rai89,
	Author = {Raizen, M. G. and Thompson, R. J. and Brecha, R. J. and Kimble, H. J. and Carmichael, H. J.},
	Date-Added = {2010-05-18 21:19:00 -0500},
	Date-Modified = {2010-05-18 21:19:07 -0500},
	Doi = {10.1103/PhysRevLett.63.240},
	Journal = {Phys. Rev. Lett.},
	Month = {Jul},
	Number = {3},
	Numpages = {3},
	Pages = {240--243},
	Publisher = {American Physical Society},
	Title = {Normal-mode splitting and linewidth averaging for two-state atoms in an optical cavity},
	Volume = {63},
	Year = {1989},
	Bdsk-Url-1 = {http://dx.doi.org/10.1103/PhysRevLett.63.240}}

@article{Aga84,
	Author = {Agarwal, G. S.},
	Date-Added = {2010-05-18 21:17:10 -0500},
	Date-Modified = {2010-05-18 21:17:17 -0500},
	Doi = {10.1103/PhysRevLett.53.1732},
	Journal = {Phys. Rev. Lett.},
	Month = {Oct},
	Number = {18},
	Numpages = {2},
	Pages = {1732--1734},
	Publisher = {American Physical Society},
	Title = {Vacuum-Field Rabi Splittings in Microwave Absorption by Rydberg Atoms in a Cavity},
	Volume = {53},
	Year = {1984},
	Bdsk-Url-1 = {http://dx.doi.org/10.1103/PhysRevLett.53.1732}}

@article{San83,
	Author = {Sanchez-Mondragon, J. J. and Narozhny, N. B. and Eberly, J. H.},
	Date-Added = {2010-05-18 21:16:00 -0500},
	Date-Modified = {2010-05-18 21:16:10 -0500},
	Doi = {10.1103/PhysRevLett.51.550},
	Journal = {Phys. Rev. Lett.},
	Month = {Aug},
	Number = {7},
	Numpages = {3},
	Pages = {550--553},
	Publisher = {American Physical Society},
	Title = {Theory of Spontaneous-Emission Line Shape in an Ideal Cavity},
	Volume = {51},
	Year = {1983},
	Bdsk-Url-1 = {http://dx.doi.org/10.1103/PhysRevLett.51.550}}

@article{Fin09,
	Author = {Fink, J. M. and Bianchetti, R. and Baur, M. and G\"oppl, M. and Steffen, L. and Filipp, S. and Leek, P. J. and Blais, A. and Wallraff, A.},
	Date-Added = {2010-05-18 21:14:59 -0500},
	Date-Modified = {2010-05-18 21:15:04 -0500},
	Doi = {10.1103/PhysRevLett.103.083601},
	Journal = {Phys. Rev. Lett.},
	Month = {Aug},
	Number = {8},
	Numpages = {4},
	Pages = {083601},
	Publisher = {American Physical Society},
	Title = {Dressed Collective Qubit States and the Tavis-Cummings Model in Circuit QED},
	Volume = {103},
	Year = {2009},
	Bdsk-Url-1 = {http://dx.doi.org/10.1103/PhysRevLett.103.083601}}

@article{Sol03,
	Author = {Solano, E. and Agarwal, G. S. and Walther, H.},
	Date-Added = {2010-05-18 21:13:38 -0500},
	Date-Modified = {2010-05-18 21:13:45 -0500},
	Doi = {10.1103/PhysRevLett.90.027903},
	Journal = {Phys. Rev. Lett.},
	Month = {Jan},
	Number = {2},
	Numpages = {4},
	Pages = {027903},
	Publisher = {American Physical Society},
	Title = {Strong-Driving-Assisted Multipartite Entanglement in Cavity QED},
	Volume = {90},
	Year = {2003},
	Bdsk-Url-1 = {http://dx.doi.org/10.1103/PhysRevLett.90.027903}}

@article{Het02,
	Author = {Hettich, C. and Schmitt, C. and Zitzmann, J. and Kuhn, S. and Gerhardt, I. and Sandoghdar, V.},
	Date-Added = {2010-05-18 21:11:40 -0500},
	Date-Modified = {2010-05-18 21:54:40 -0500},
	Doi = {10.1126/science.1075606},
	Journal = {Science},
	Number = {5592},
	Pages = {385-389},
	Title = {{Nanometer Resolution and Coherent Optical Dipole Coupling of Two Individual Molecules}},
	Volume = {298},
	Year = {2002},
	Bdsk-Url-1 = {http://www.sciencemag.org/cgi/content/abstract/298/5592/385},
	Bdsk-Url-2 = {http://dx.doi.org/10.1126/science.1075606}}

@article{Orr02,
	Author = {Orrit, Michel},
	Date-Added = {2010-05-18 21:10:20 -0500},
	Date-Modified = {2010-05-18 21:55:50 -0500},
	Doi = {10.1126/science.1077574},
	Journal = {Science},
	Number = {5592},
	Pages = {369-370},
	Title = {{SINGLE MOLECULES: Molecular Entanglements}},
	Volume = {298},
	Year = {2002},
	Bdsk-Url-1 = {http://www.sciencemag.org},
	Bdsk-Url-2 = {http://dx.doi.org/10.1126/science.1077574}}

@article{Var92,
	Author = {Varada, G. V. and Agarwal, G. S.},
	Date-Added = {2010-05-18 21:07:15 -0500},
	Date-Modified = {2010-05-18 21:07:24 -0500},
	Doi = {10.1103/PhysRevA.45.6721},
	Journal = {Phys. Rev. A},
	Month = {May},
	Number = {9},
	Numpages = {8},
	Pages = {6721--6729},
	Publisher = {American Physical Society},
	Title = {Two-photon resonance induced by the dipole-dipole interaction},
	Volume = {45},
	Year = {1992},
	Bdsk-Url-1 = {http://dx.doi.org/10.1103/PhysRevA.45.6721}}

@article{Fin08,
	Annote = {10.1038/nature07112},
	Author = {Fink, J. M. and Goppl, M. and Baur, M. and Bianchetti, R. and Leek, P. J. and Blais, A. and Wallraff, A.},
	Date-Added = {2010-05-18 21:05:09 -0500},
	Date-Modified = {2010-05-18 21:55:25 -0500},
	Day = {17},
	Isbn = {0028-0836},
	Journal = {Nature},
	M3 = {10.1038/nature07112},
	Month = {07},
	Number = {7202},
	Pages = {315--318},
	Publisher = {Macmillan Publishers Limited. All rights reserved},
	Title = {Climbing the Jaynes-Cummings ladder and observing its nonlinearity in a cavity QED system},
	Ty = {JOUR},
	Volume = {454},
	Year = {2008},
	Bdsk-Url-1 = {http://dx.doi.org/10.1038/nature07112}}
